<?xml version="1.0" encoding="UTF-8"?><record xmlns="http://www.loc.gov/MARC21/slim" xmlns:cinclude="http://apache.org/cocoon/include/1.0" xmlns:zs="http://www.loc.gov/zing/srw/">
  <leader>00320cz  a2200121n  4500</leader>
  <controlfield tag="001">n 2006057778</controlfield>
  <controlfield tag="003">DLC</controlfield>
  <controlfield tag="005">20060726153706.0</controlfield>
  <controlfield tag="008">060726n| acannaabn           n aaa      </controlfield>
  <datafield tag="010" ind1=" " ind2=" ">
    <subfield code="a">n 2006057778</subfield>
  </datafield>
  <datafield tag="040" ind1=" " ind2=" ">
    <subfield code="a">DLC</subfield>
    <subfield code="b">eng</subfield>
    <subfield code="c">DLC</subfield>
  </datafield>
  <datafield tag="100" ind1="1" ind2=" ">
    <subfield code="a">Robertson, Steven</subfield>
  </datafield>
  <datafield tag="670" ind1=" " ind2=" ">
    <subfield code="a">Rory O'Shea was here, 2004:</subfield>
    <subfield code="b">credits (cast, Steven Robertson)</subfield>
  </datafield>
</record>